@article{presley2015,
    title = "Measuring the Cosmological 21cm Monopole with an Interferometer",
    author = "{Presley}, M. E. and {Liu}, A. and {Parsons}, A. R.",
    journal = "The Astrophysical Journal",
    volume = 809,
    number = 18,
    year = 2015
}

@inproceedings{swenson-mathur,
    author = "{Swenson}, Jr., G. W. and {Mathur}, N. C.",
    title = "The Interferometer in Radio Astronomy",
    booktitle = "Proceedings of the IEEE",
    volume = "56",
    year = "1968",
    month = "December"
}

@book{tms,
    title = "Interferometry and Synthesis in Radio Astronomy",
    author = "{Thompson}, A. R. and {Moran}, J. M.  and {Swenson}, Jr., G. M.",
    year = 1986,
    publisher = "John Wiley \& Sons, Inc."
}

@article{angelica2008,
    title = "A Model of Diffuse Galactic Radio Emission from 10 MHz to 100 GHz",
    author = "{de Oliveira-Costa}, A. and {Tegmark}, M. and {Gaensler}, B. M. 
        and {Jonas}, J. and {Landecker}, T. L. and {Reich}, P.",
    journal = "Monthly Notices of the Royal Astronomical Society",
    volume = 388,
    number = 247,
    year = 2008
}

@article{rogers2008,
    title = "Spectral Index of the Diffuse Radio Background Measured from 100 
        to 200 MHz",
    author = "{Rogers}, A. E. E. and {Bowman}, J. D.",
    journal = "The Astronomical Journal",
    volume = 136,
    year = 2008,
    month = "August"
}

@article{haslam1982,
    title = "A 408 MHz all-sky continuum survey. II -- The atlas of contour 
        maps",
    author = "{Haslam}, C. G. T. and {Salter}, C. J. and {Stoffel}, H. and 
        {Wilson}, W. E.",
    journal = "Astronomy and Astrophysics",
    volume = 47,
    number = 1,
    year = 1982
}

@article{pritchard-loeb2010,
    title = "Constraining the unexplored period between the dark ages and 
        reionization with observations of the global 21cm signal",
    author = "{Pritchard}, J. R. and {Loeb}, A.",
    journal = "Physical Review D",
    year = 2010,
    month = "July",
    volume = 82
}

@article{pritchard-loeb2012,
    title = "21-cm cosmology in the 21st Century",
    author = "{Pritchard}, J. R. and {Loeb}, A.",
    journal = "Reports on Progress in Physics",
    volume = 75,
    number = 8,
    year = 2012,
    month = "July"
}

@article{gnedin2004,
    title = "Redshifted 21 centimeter emission from the pre-reionization era. 
        I. Mean signal and linear fluctuations",
    author = "{Gnedin}, N. Y. and {Shaver}, P. A.",
    journal = "The Astrophysical Journal",
    volume = 608,
    year = 2004,
    month = "June"
}

@techreport{kundert2016,
    title = "The Relationship Between System Temperature and Sky Beam 
        Coverage",
    author = "{Kundert}, K.",
    institution = "HYPERION",
    year = 2016,
    type = "Memo",
    number = 1
}

@techreport{sys-specs,
    title = "HYPERION System Specifications",
    author = "{Day}, C.",
    institution = "HYPERION",
    year = 2016,
    type = "Memo",
    number = 2
}

@techreport{day2016,
    title = "Calculation of the System Gain Needed at ADC",
    author = "{Day}, C.",
    institution = "HYPERION",
    year = 2016,
    type = "Memo",
    number = 3
}

@article{liu2010,
    title = "Precision calibration of radio interferometers using redundant 
        baselines",
    author = "{Liu}, A. and {Tegmark}, M. and {Morrison}, S. and {Lutomirski}, 
        A. and {Zaldarriaga}, M.",
    journal = "Monthly Notices of the Royal Astronomical Society",
    volume = 408,
    year = 2010
}

@article{liu2013,
    title = "Global 21cm signal experiments: A designer's guide",
    author = "{Liu}, A. and {Pritchard}, J. R. and {Tegmark}, M. and {Loeb}, 
        A.",
    journal = "Physical Review D",
    volume = 87,
    year = 2013
}

@article{venumadhav2016,
    title = "A practical theorem on using interferometry to measure the global 
        21cm signal",
    author = "{Venumadhav}, T. and {Chang}, T-C. and {Dor\'{e}}, O. and {Hirata}, C.",
    journal = "The Astrophysical Journal",
    volume = 826,
    number = 2,
    year = 2016
}

@article{bowman2010,
    title = "A lower limit of $\Delta z > 0.06$ for the duration of the 
        reionization epoch",
    author = "{Bowman}, J. D. and {Rogers}, A. E. E.",
    journal = "Nature",
    volume = 468,
    year = 2010
}

@article{voytek2014,
    title = "Probing the dark ages at z ~ 20: The SCI-HI 21cm all-sky spectrum 
        experiment",
    author = "{Voytek}, T. C. and {Natarajan}, A. and {Garc\'{i}a}, J. M. J. 
        and {Peterson}, J. B. and {L\'{o}pez-Cruz}, O.",
    journal = "The Astrophysical Journal Letters",
    volume = 782,
    number = 1,
    year = 2014
}

@article{patra2013,
    title = "SARAS: a precision system for measurement of the cosmic radio 
        background and signatures from the epoch of reionization",
    author = "{Patra}, N. and {Subrahmanyan}, R. and {Raghunathan}, A. and 
        {Shankar}, N. U.",
    journal = "Experimental Astronomy",
    volume = 36,
    number = 1,
    year = 2013
}

@article{sokolowski2015,
    title = "BIGHORNS -- Broadband Instrument for Global Hydrogen Reionisation 
        Signal",
    author = {Sokolowksi, M. and Tremblay, S. E. and Wayth, R. B. and Tingay, 
        S. J. and Clarke, N. and Roberts, P. and Waterson, M. and Ekers, R. D. 
            and Hall, P. and Lewis, M. and Mossammaparst, M. and Padhi, S. and 
            Schlagenhaufer, F. and Sutinjo, A. and Tickner, J.},
    journal = "Publications of the Astronomical Society of Australia",
    volume = 32,
    year = 2015
}

@article{bernandi2015,
    title = "Foreground model and antenna calibration errors in the measurement 
        of the sky-averaged $\lambda$21cm signal at $z \sim 20$",
    author = {Bernandi, G. and McQuinn, M. and Greenhill, L. J.},
    journal = "The Astrophysical Journal",
    volume = 799,
    number = 1,
    year = 2015
}

@book{decadal-survey2010,
    title = "New Worlds, New Horizons in Astronomy and Astrophysics",
    author = "{National Research Council}",
    publisher = "The National Academies Press",
    year = 2010,
    isbn = "978-0-309-15799-5",
    doi = "10.17226/12951"
}

@article{deboer2017,
    title = "Hydrogen epoch of reionization array (HERA)",
    author = "{DeBoer}, D. R. et al.",
    journal = "Publications of the Astronomical Society of the Pacific",
    volume = 129,
    number = 974,
    year = 2017
}

@article{bowman2018,
    title = "An absorption profile centered at 78 megahertz in the sky-averaged 
        spectrum",
    author = "{Bowman}, J. D. and {Rogers}, A. E. E. and {Monsalve}, R. A. 
        and {Mozdzen}, T. J. and {Mahesh}, N.",
    journal = "Nature",
    volume = 555,
    year = 2018
}

@article{gardner2006,
    title = "The James Webb space telescope",
    author = "{Gardner}, J. P. et al.",
    journal = "Space Science Reviews",
    volume = 123,
    issue = 4,
    year = 2006
}

@article{furlanetto2006,
    title = "Cosmology at low frequencies: The 21 cm transition and the 
        high-redshift Universe",
    author = "{Furlanetto}, S. R. and {Oh}, S. P. and {Briggs}, F. H.",
    journal = "Physics Report",
    volume = 433,
    issue = "4-6",
    year = 2006
}

@incollection{zaroubi2012,
    author = "{Zaroubi}, S.",
    title = "The Epoch of Reionization",
    editor = "{Wiklind}, T. and {Mobasher}, B. and {Bromm}, V.",
    booktitle = "The First Galaxies, -- Theoretical Predictions and 
        Observational Clues",
    publisher = "Springer",
    year = 2012,
    pages = "45-101",
    chapter = 2
}

@article{loeb2004,
    title = "Measuring the small-scale power spectrum of cosmic density 
        fluctuations through 21 cm tomography prior to the epoch of structure 
        formation",
    author = "{Loeb}, A. and {Zaldarriaga}, M.",
    journal = "Physical Review Letters",
    volume = 92,
    year = 2004
}

@article{barkana2005,
    title = "Detecting the earliest galaxies through two new sources of 21 cm 
        fluctuations",
    author = "{Barkana}, R. and {Loeb}, A.",
    journal = "The Astrophysical Journal",
    number = 626,
    year = 2005
}

@article{penzias-wilson1965,
    title = "A measurement of excess antenna temperature at 4080 Mc/s",
    author = "{Penzias}, A. A. and {Wilson}, R. W.",
    journal = "The Astrophysical Journal",
    volume = 142,
    pages = "419-421",
    year = 1965
}

@article{fixsen2009,
    title = "The temperature of the Cosmic Microwave Background",
    author = "{Fixsen}, D. J.",
    journal = "The Astrophysical Journal",
    volume = 707,
    issue = 2,
    pages = "916-920",
    year = 2009
}

@article{smoot1992,
    title = "Interpretation of the Cosmic Microwave Background radiation 
        anisotropy detected by the COBE Differential Microwave Radiometer",
    author = "{Wright}, E. L. et al",
    journal = "The Astrophysical Journal Letters",
    volume = 396,
    number = 1,
    pages = "L13-L18",
    year = 1992
}

@article{mahesh2015,
    title = "A Wideband Resistive Beam-Splitter Screen",
    author = "{Mahesh}, N. and {Subrahmanyan}, R. and {Udaya Shankar}, N. and 
    {Raghunathan}, A.",
    journal = "IEEE Transactions on Antennas and Propagation",
    volume = 63,
    issue = 11,
    month = "November",
    year = 2015
}

@techreport{essinger-hileman2016,
    title = "CMB S-4: Telescope Design Considerations",
    author = "{Essinger-Hileman}, T. and {Halverson}, N. and {Hanany}, S. and 
    {Niemack}, M. D. and {Padin}, S. and {Suzuki}, T. and {Switzer}, E. and 
    {Thompson}, K. et al",
    year = 2016,
    month = "August"
}

@article{mirocha2014,
    title = "Decoding the X-ray properties of pre-reionization era sources",
    author = "{Mirocha}, J.",
    journal = "Monthly Notices of the Royal Astronomical Society",
    year = 2014,
    month = "September"
}

@article{monsalve2017,
    title = "Results from EDGES high-band: I. Constraints on phenomenological 
        models for the global 21 cm signal",
    author = "{Monsalve}, R. A. and {Rogers}, A. E. E. and {Bowman}, J. D. and 
        {Mozdzen}, T. J.",
    journal = "The Astrophysical Journal",
    year = 2017,
    volume = 847,
    issue = 1,
    month = "September"
}

@article{burns2012,
    title = "Probing the first stars and black holes in the early universe with 
        the Dark Ages Radio Explorer (DARE)",
    author = "{Burns}, J. O. et al", 
    journal = "Advances in Space Research",
    year = 2012,
    volume = 49,
    issue = 3,
    month = "February"
}

@inproceedings{rottgering2006,
    title = "LOFAR -- Opening up a new window on the Universe", 
    author = "{Rottgering}, H. J. A. et al", 
    booktitle = "Proceedings of the Conference on Cosmology, Galaxy Formation, and Astroparticle 
        Physics on the Pathway to the SKA",
    year = 2006,
    publisher = "Oxford",
    month = "April"
}

@article{gorski2005,
    title = "HEALPix: A framework for high-resolution discretization and fast 
        analysis of data distributed on the sphere",
    author = "{Gorski}, K. M. and {Hivon}, E. and {Banday}, A. J. and 
    {Wandelt}, B. D. and {Hansen}, F. K. and {Reinecke}, M. and {Bartelmann}, 
    M.",
    journal = "The Astrophysical Journal",
    year = 2005,
    volume = 622,
    issue = 2,
    month = "April"
}
